<?xml version="1.0" encoding="UTF-8"?>
<collection xmlns:xsi="http://www.w3.org/2001/XMLSchema-instance" xsi:schemaLocation="http://www.loc.gov/MARC21/slim http://www.loc.gov/standards/marcxml/schema/MARC21slim.xsd" xmlns="http://www.loc.gov/MARC21/slim">
<record>
  <leader>01145mam a2200265   4500</leader>
  <controlfield tag="001">3368389</controlfield>
  <controlfield tag="003">NNC</controlfield>
  <controlfield tag="005">20040922173130.0</controlfield>
  <controlfield tag="008">870526m19511968sy fhj   b    000 0 arao </controlfield>
  <datafield tag="010" ind1=" " ind2=" ">
    <subfield code="a">   59023140 </subfield>
  </datafield>
  <datafield tag="035" ind1=" " ind2=" ">
    <subfield code="a">(OCoLC)ocm15730187</subfield>
  </datafield>
  <datafield tag="035" ind1=" " ind2=" ">
    <subfield code="9">AVD2997CU</subfield>
  </datafield>
  <datafield tag="035" ind1=" " ind2=" ">
    <subfield code="a">(NNC)3368389</subfield>
  </datafield>
  <datafield tag="040" ind1=" " ind2=" ">
    <subfield code="a">DLC</subfield>
    <subfield code="c">CUY</subfield>
    <subfield code="d">NNC</subfield>
  </datafield>
  <datafield tag="043" ind1=" " ind2=" ">
    <subfield code="a">a-sy---</subfield>
  </datafield>
  <datafield tag="050" ind1="0" ind2=" ">
    <subfield code="a">DS99.A56</subfield>
    <subfield code="b">I2</subfield>
  </datafield>
  <datafield tag="100" ind1="1" ind2=" ">
    <subfield code="a">Ibn al-ʻAdīm, Kamāl al-Dīn ʻUmar ibn Aḥmad,</subfield>
    <subfield code="d">1192-1262.</subfield>
  </datafield>
  <datafield tag="245" ind1="1" ind2="0">
    <subfield code="a">Zubdat al-ḥalab min tārīkh Ḥalab,</subfield>
    <subfield code="c">taʾlīf Kamāl al-Dīn Abī al-Qāsim ʻUmar ibn Aḥmad ibn Hibat Allāh ibn al-ʻAdīm. ʻUniya bi-nashrihi wa-taḥqīqihi wa-waḍaʻa fahārisahu Sāmī al-Dahhān.</subfield>
  </datafield>
  <datafield tag="260" ind1=" " ind2=" ">
    <subfield code="a">[Dimashq]</subfield>
    <subfield code="b">al-Maʻhad al-Faransī bi-Dimashq lil-Dirāsāt al-ʻArabīyah</subfield>
    <subfield code="c">[1951-68]</subfield>
  </datafield>
  <datafield tag="300" ind1=" " ind2=" ">
    <subfield code="a">3 v.</subfield>
    <subfield code="b">plates (facsims.) geneal. table.</subfield>
    <subfield code="c">25 cm.</subfield>
  </datafield>
  <datafield tag="500" ind1=" " ind2=" ">
    <subfield code="a">Added t.p. in French: Histoire d'Alep, par Kamāl ad-Dīn Ibn al-ʻAdīm (éd. par] Sami Dahan. Damas, 1951-54, Institut Franc̜ais de Damas)</subfield>
  </datafield>
  <datafield tag="504" ind1=" " ind2=" ">
    <subfield code="a">Includes bibliographies.</subfield>
  </datafield>
  <datafield tag="651" ind1=" " ind2="0">
    <subfield code="a">Aleppo (Syria)</subfield>
    <subfield code="x">History.</subfield>
  </datafield>
  <datafield tag="700" ind1="1" ind2=" ">
    <subfield code="a">Dahhān, Sāmī.</subfield>
  </datafield>
  <datafield tag="955" ind1=" " ind2=" ">
    <subfield code="b">0044052219</subfield>
    <subfield code="d">glx</subfield>
    <subfield code="e">893.7112 Um1</subfield>
    <subfield code="v">v.2</subfield>
  </datafield>
</record>
</collection>